@misc{ultralytics2022,
    author = {Ultralytics},
    title = {YOLOv8 Discussion},
    year = {2022},
    url = {https://github.com/ultralytics/ultralytics/issues/4333},
    note = {Online; accessed 21 January 2024}
}
@article{Holzgreve_2022, 
title={Home office versus ergonomic workstation - is the ergonomic risk increased when working at the dining table? An inertial motion capture based pilot study}, 
volume={23}, ISSN={1471-2474}, 
url={http://dx.doi.org/10.1186/s12891-022-05704-z}, 
DOI={10.1186/s12891-022-05704-z}, 
number={1}, journal={BMC Musculoskeletal Disorders}, 
publisher={Springer Science and Business Media LLC}, 
author={Holzgreve, Fabian and Maurer-Grubinger, Christian and Fraeulin, Laura and Bausch, Juliane and Groneberg, David A. and Ohlendorf, Daniela}, 
year={2022}, month=aug }

@online{ArbStattV,
  title = {Ergonomie am Arbeitsplatz},
  year = {2024},
  url = {https://www.arbeitsrechte.de/ergonomie-am-arbeitsplatz/},
  urldate = {2024-01-22}
}

@online{GDPR,
  title = {General Data Protection Regulation},
  year = {2024},
  url = {https://gdpr-info.eu/},
  urldate = {2024-01-22}
}

@online{EUAIACT,
  title = {EU AI Act},
  year = {2024},
  url = {https://www.credo.ai/eu-ai-act},
  urldate = {2024-01-22}
}

@online{CopyrightLaws,
  title = {Copyright and Licensing in Software},
  year = {2024},
  url = {https://www.copyright.gov/},
  urldate = {2024-01-22}
}

@online{4PsofMarketing,
  title = {4 Ps of Marketing},
  year = {2024},
  url = {https://www.investopedia.com/terms/f/four-ps.asp},
  urldate = {2024-01-23}
}

@online{PorterFiveForces,
  title = {Porter's Five Forces},
  year = {2024},
  url = {https://www.investopedia.com/terms/p/porter.asp},
  urldate = {2024-01-23}
}

@online{AnsoffMatrix,
  title = {Ansoff Matrix},
  year = {2024},
  url = {https://corporatefinanceinstitute.com/resources/management/ansoff-matrix/},
  urldate = {2024-01-22}
}

@online{ValueChain,
  title = {Value Chain},
  year = {2023},
  url = {https://www.investopedia.com/terms/v/valuechain.asp},
  urldate = {2024-01-22}
}
